<record><leader>00000cas a2200000 a 4500</leader><controlfield tag="001">11648868</controlfield><controlfield tag="008">850201d19001909ksuwr ne      0   a0eng d</controlfield><datafield ind1=" " ind2=" " tag="010"><subfield code="a">sn 85029003 </subfield></datafield><datafield ind1=" " ind2=" " tag="040"><subfield code="a">KSH</subfield><subfield code="b">eng</subfield><subfield code="c">KSH</subfield><subfield code="d">NPT</subfield><subfield code="d">OCL</subfield><subfield code="d">OCLCQ</subfield></datafield><datafield ind1=" " ind2=" " tag="042"><subfield code="a">msc</subfield></datafield><datafield ind1="0" ind2="0" tag="245"><subfield code="a">Jackson County world.</subfield></datafield><datafield ind1=" " ind2=" " tag="260"><subfield code="a">Circleville, Kan. :</subfield><subfield code="b">Smith &amp; Harrison,</subfield><subfield code="c">1900-</subfield></datafield><datafield ind1=" " ind2=" " tag="300"><subfield code="a">v. :</subfield><subfield code="b">ill. ;</subfield><subfield code="c">49-56 cm.</subfield></datafield><datafield ind1=" " ind2=" " tag="310"><subfield code="a">Weekly</subfield></datafield><datafield ind1="0" ind2=" " tag="362"><subfield code="a">Vol. 1, no. 1 (Dec. 7, 1900)-</subfield></datafield><datafield ind1="1" ind2=" " tag="362"><subfield code="a">Ceased with Aug. 27, 1909 issue?</subfield></datafield><datafield ind1=" " ind2=" " tag="500"><subfield code="a">Published by: Geo. T. Harrison, Dec. 28, 1900-July 24, 1908; Archie W. Hunt, Apr. 30, 1909-</subfield></datafield><datafield ind1=" " ind2=" " tag="500"><subfield code="a">"Independent in politics," Dec. 7, 1900-July 24, 1908; "Republican in principle," Apr. 30, 1909-</subfield></datafield><datafield ind1=" " ind2=" " tag="515"><subfield code="a">Suspended with July 24, 1908 issue; resumed with Apr. 30, 1909 issue.</subfield></datafield><datafield ind1=" " ind2=" " tag="525"><subfield code="a">Includes supplements.</subfield></datafield><datafield ind1=" " ind2=" " tag="752"><subfield code="a">United States</subfield><subfield code="b">Kansas</subfield><subfield code="c">Jackson</subfield><subfield code="d">Circleville.</subfield></datafield></record>